%% This BibTeX bibliography file was created using BibDesk.
%% http://bibdesk.sourceforge.net/


%% Created for Lauro Cesar Araujo at 2013-08-21 10:57:09 -0300 


%% Saved with string encoding Unicode (UTF-8) 


@BOOK{lardner1867,
	title = {The Electric Telegraph},
	publisher = {Lockwood \& Co. },
	year = {1867},
	author = {Dionysius Lardner and Edward Brailsford Bright},
	address = {London},
	edition = {3},
	comment = {Revised and re-written by Edward B. Bright, secretary of the British and Irish magnetic telegraph company, with $140$ illustrations}
}

@book{ibge1993,
	Address = {Rio de Janeiro},
	Author = {IBGE},
	Date-Added = {2013-08-21 13:56:10 +0000},
	Date-Modified = {2013-08-21 13:56:10 +0000},
	Edition = {3},
	Organization = {http://biblioteca.ibge.gov.br/visualizacao/livros/liv23907.pdf},
	Publisher = {Centro de Documenta{\c c}{\~a}o e Dissemina{\c c}{\~a}o de Informa{\c c}{\~o}es. Funda{\c c}{\~a}o Intituto Brasileiro de Geografia e Estat{\'\i}stica},
	Title = {Normas de apresenta{\c c}{\~a}o tabular},
	Urlaccessdate = {21 ago 2013},
	Year = {1993}}

@misc{abntex2-wiki-como-customizar,
	Author = {abnTeX2},
	Date-Added = {2013-03-23 21:39:21 +0000},
	Date-Modified = {2013-03-23 21:44:20 +0000},
	Howpublished = {Wiki do abnTeX2},
	Keywords = {wiki},
	Title = {Como customizar o abnTeX2},
	Url = {https://code.google.com/p/abntex2/wiki/ComoCustomizar},
	Urlaccessdate = {23 mar. 2013},
	Year = {2013},
	Bdsk-Url-1 = {https://code.google.com/p/abntex2/wiki/ComoCustomizar}}

@manual{talbot2012,
	Author = {Nicola L.C. Talbot},
	Date-Added = {2013-03-11 12:06:04 +0000},
	Date-Modified = {2013-03-11 12:06:56 +0000},
	Month = {Nov.},
	Title = {User Manual for glossaries.sty},
	Url = {http://mirrors.ctan.org/macros/latex/contrib/glossaries/glossaries-user.pdf},
	Urlaccessdate = {11 mar. 2013},
	Year = {2012},
	Bdsk-Url-1 = {http://mirrors.ctan.org/macros/latex/contrib/glossaries/glossaries-user.pdf}}

@manual{babel,
	Author = {Johannes Braams},
	Date-Added = {2013-02-17 13:37:14 +0000},
	Date-Modified = {2013-02-17 13:38:38 +0000},
	Month = {Apr.},
	Title = {Babel, a multilingual package for use with LATEX's standard document classes},
	Url = {http://mirrors.ctan.org/info/babel/babel.pdf},
	Urlaccessdate = {17 fev. 2013},
	Year = {2008},
	Bdsk-Url-1 = {http://mirrors.ctan.org/info/babel/babel.pdf}}

@manual{abntex2modelo-artigo,
	Annote = {Este documento {\'e} derivado do \cite{abnt-bibtex-doc}},
	Author = {abnTeX2},
	Date-Added = {2013-01-15 00:10:35 +0000},
	Date-Modified = {2013-02-04 12:05:47 +0000},
	Organization = {Equipe abnTeX2},
	Title = {Modelo Can{\^o}nico de Artigo Cient{\'\i}fico com abnTeX2},
	Url = {http://abntex2.googlecode.com/},
	Year = {2013},
	Bdsk-Url-1 = {http://code.google.com/p/abntex2/}}

@manual{abntex2modelo-relatorio,
	Annote = {Este documento {\'e} derivado do \cite{abnt-bibtex-doc}},
	Author = {abnTeX2},
	Date-Added = {2013-01-15 00:05:34 +0000},
	Date-Modified = {2013-02-04 12:05:50 +0000},
	Organization = {Equipe abnTeX2},
	Title = {Modelo Can{\^o}nico de Relat{\'o}rio T{\'e}cnico e/ou Cient{\'\i}fico com abnTeX2},
	Url = {http://abntex2.googlecode.com/},
	Year = {2013},
	Bdsk-Url-1 = {http://code.google.com/p/abntex2/}}

@manual{abntex2modelo,
	Annote = {Este documento {\'e} derivado do \cite{abnt-bibtex-doc}},
	Author = {abnTeX2},
	Date-Added = {2013-01-12 22:55:32 +0000},
	Date-Modified = {2013-02-04 12:05:54 +0000},
	Organization = {Equipe abnTeX2},
	Title = {Modelo Can{\^o}nico de Trabalho Acad{\^e}mico com abnTeX2},
	Url = {http://abntex2.googlecode.com/},
	Year = {2013},
	Bdsk-Url-1 = {http://code.google.com/p/abntex2/}}

@mastersthesis{araujo2012,
	Address = {Bras{\'\i}lia},
	Author = {Lauro C{\'e}sar Araujo},
	Date-Added = {2013-01-09 11:04:42 +0000},
	Date-Modified = {2013-01-09 11:04:42 +0000},
	Month = {mar.},
	School = {Universidade de Bras{\'\i}lia},
	Subtitle = {uma perspectiva de {A}rquitetura da {I}nforma{\c c}{\~a}o da {E}scola de {B}ras{\'\i}lia},
	Title = {Configura{\c c}{\~a}o},
	Year = {2012}}

@manual{memoir,
	Address = {Normandy Park, WA},
	Author = {Peter Wilson and Lars Madsen},
	Date-Added = {2013-01-09 10:37:50 +0000},
	Date-Modified = {2013-03-21 13:23:25 +0000},
	Organization = {The Herries Press},
	Title = {The Memoir Class for Configurable Typesetting - User Guide},
	Url = {http://mirrors.ctan.org/macros/latex/contrib/memoir/memman.pdf},
	Urlaccessdate = {19 dez. 2012},
	Year = {2010},
	Bdsk-Url-1 = {http://ctan.tche.br/macros/latex/contrib/memoir/memman.pdf}}

@manual{abntex2cite-alf,
	Annote = {Este documento {\'e} derivado do \cite{abnt-bibtex-alf-doc}},
	Author = {abnTeX2 and Lauro C{\'e}sar Araujo},
	Date-Added = {2013-01-09 10:37:45 +0000},
	Date-Modified = {2013-04-05 11:03:05 +0000},
	Organization = {Equipe abnTeX2},
	Title = {O pacote abntex2cite: t{\'o}picos espec{\'\i}ficos da ABNT NBR 10520:2002 e o estilo bibliogr{\'a}fico alfab{\'e}tico (sistema autor-data)},
	Url = {http://abntex2.googlecode.com/},
	Year = {2013},
	Bdsk-Url-1 = {http://code.google.com/p/abntex2/}}

@manual{abntex2cite,
	Annote = {Este documento {\'e} derivado do \cite{abnt-bibtex-doc}},
	Author = {abnTeX2 and Lauro C{\'e}sar Araujo},
	Date-Added = {2013-01-09 10:37:45 +0000},
	Date-Modified = {2013-04-05 10:47:36 +0000},
	Organization = {Equipe abnTeX2},
	Title = {O pacote abntex2cite: Estilos bibliogr{\'a}ficos compat{\'\i}veis com a ABNT NBR 6023},
	Url = {http://abntex2.googlecode.com/},
	Year = {2013},
	Bdsk-Url-1 = {http://code.google.com/p/abntex2/}}

@manual{abntex2classe,
	Author = {abnTeX2 and Lauro C{\'e}sar Araujo},
	Date-Added = {2013-01-09 10:37:38 +0000},
	Date-Modified = {2013-04-05 11:03:48 +0000},
	Organization = {Equipe abnTeX2},
	Title = {A classe abntex2: Modelo can{\^o}nico de trabalhos acad{\^e}micos brasileiros compat{\'\i}vel com as normas ABNT NBR 14724:2011, ABNT NBR 6024:2012 e outras},
	Url = {http://abntex2.googlecode.com/},
	Year = {2013},
	Bdsk-Url-1 = {http://code.google.com/p/abntex2/}}

@manual{NBR10520:2002,
	Address = {Rio de Janeiro},
	Date-Added = {2012-12-15 21:43:38 +0000},
	Date-Modified = {2013-01-12 22:17:20 +0000},
	Month = {ago.},
	Org-Short = {ABNT},
	Organization = {Associa{\c c}\~ao Brasileira de Normas T\'ecnicas},
	Pages = 7,
	Subtitle = {Informa{\c c}\~ao e documenta{\c c}\~ao --- Apresenta{\c c}\~ao de cita{\c c}\~oes em documentos},
	Title = {{NBR} 10520},
	Year = 2002}

@manual{NBR6024:2012,
	Address = {Rio de Janeiro},
	Date-Added = {2012-12-15 21:24:06 +0000},
	Date-Modified = {2012-12-15 21:24:28 +0000},
	Month = {fev.},
	Org-Short = {ABNT},
	Organization = {Associa{\c c}\~ao Brasileira de Normas T\'ecnicas},
	Pages = 4,
	Subtitle = {Numera{\c c}\~ao progressiva das se{\c c}\~oes de um documento},
	Title = {{NBR} 6024},
	Year = 2012}

@manual{NBR6028:2003,
	Address = {Rio de Janeiro},
	Date-Added = {2012-12-15 21:02:12 +0000},
	Date-Modified = {2012-12-15 21:02:50 +0000},
	Month = {nov.},
	Org-Short = {ABNT},
	Organization = {Associa{\c c}\~ao Brasileira de Normas T\'ecnicas},
	Pages = 2,
	Subtitle = {Resumo - Apresenta{\c c}{\~a}o},
	Title = {{NBR} 6028},
	Year = 2003}

@manual{NBR14724:2001,
	Address = {Rio de Janeiro},
	Date-Added = {2012-12-15 20:34:08 +0000},
	Date-Modified = {2012-12-15 20:34:08 +0000},
	Month = {jul.},
	Org-Short = {ABNT},
	Organization = {Associa{\c c}\~ao Brasileira de Normas T\'ecnicas},
	Pages = 6,
	Subtitle = {Informa{\c c}\~ao e documenta{\c c}\~ao --- trabalhos acad\^emicos --- apresenta{\c c}\~ao},
	Title = {{NBR} 14724},
	Year = 2001}

@manual{NBR14724:2002,
	Address = {Rio de Janeiro},
	Date-Added = {2012-12-15 20:34:17 +0000},
	Date-Modified = {2012-12-15 20:34:17 +0000},
	Month = {ago.},
	Org-Short = {ABNT},
	Organization = {Associa{\c c}\~ao Brasileira de Normas T\'ecnicas},
	Pages = 6,
	Subtitle = {Informa{\c c}\~ao e documenta{\c c}\~ao --- trabalhos acad\^emicos --- apresenta{\c c}\~ao},
	Title = {{NBR} 14724},
	Year = 2002}

@manual{NBR14724:2005,
	Address = {Rio de Janeiro},
	Date-Added = {2012-12-15 20:34:08 +0000},
	Date-Modified = {2012-12-15 20:35:25 +0000},
	Month = {dez.},
	Org-Short = {ABNT},
	Organization = {Associa{\c c}\~ao Brasileira de Normas T\'ecnicas},
	Pages = 9,
	Subtitle = {Informa{\c c}\~ao e documenta{\c c}\~ao --- trabalhos acad\^emicos --- apresenta{\c c}\~ao},
	Title = {{NBR} 14724},
	Year = 2005}

@manual{NBR14724:2011,
	Address = {Rio de Janeiro},
	Date-Added = {2012-12-15 20:34:08 +0000},
	Date-Modified = {2012-12-15 20:35:25 +0000},
	Month = {mar.},
	Note = {Substitui a Ref.~\citeonline{NBR14724:2005}},
	Org-Short = {ABNT},
	Organization = {Associa{\c c}\~ao Brasileira de Normas T\'ecnicas},
	Pages = 15,
	Subtitle = {Informa{\c c}\~ao e documenta{\c c}\~ao --- trabalhos acad\^emicos --- apresenta{\c c}\~ao},
	Title = {{NBR} 14724},
	Year = 2011}

@article{van86,
	Author = {{van}, Gigch, John P. and Leo L. Pipino},
	Journal = {Future Computing Systems},
	Number = {1},
	Pages = {71-97},
	Title = {In search for a paradigm for the discipline of information systems},
	Volume = {1},
	Year = {1986}}

@phdthesis{guizzardi2005,
	Address = {Enschede, The Netherlands},
	Author = {Giancarlo Guizzardi},
	Date-Added = {2012-04-23 11:35:28 +0000},
	Date-Modified = {2012-04-23 11:35:28 +0000},
	School = {Centre for Telematics and Information Technology, University of Twente},
	Title = {Ontological Foundations for Structural Conceptual Models},
	Url = {http://www.loa.istc.cnr.it/Guizzardi/SELMAS-CR.pdf},
	Urlaccessdate = {3 jul. 2011},
	Year = {2005},
	Bdsk-Url-1 = {http://www.loa.istc.cnr.it/Guizzardi/SELMAS-CR.pdf}}

@mastersthesis{macedo2005,
	Author = {Fl{\'a}via L. Macedo},
	Date-Added = {2012-04-23 11:35:13 +0000},
	Date-Modified = {2012-04-23 11:35:13 +0000},
	Keywords = {arquitetura da informa{\c c}{\~a}o},
	School = {Universidade de Bras{\'\i}lia},
	Title = {Arquitetura da Informa{\c c}{\~a}o: aspectos espistemol{\'o}gicos, cient{\'\i}ficos e pr{\'a}ticos.},
	Type = {Disserta{\c c}{\~a}o de Mestrado},
	Year = {2005}}

@manual{EIA649B,
	Address = {EUA},
	Date-Added = {2012-04-23 11:34:59 +0000},
	Date-Modified = {2012-04-23 11:34:59 +0000},
	Keywords = {norma},
	Month = {June},
	Organization = {TechAmerica},
	Title = {ANSI/EIA 649-B: Configuration Management Standard},
	Year = {2011}}

@inproceedings{masolo2010,
	Author = {Claudio Masolo},
	Booktitle = {Proceedings of the Twelfth International Conference on the Principles of Knowledge Representation and Reasoning (KR 2010)},
	Date-Added = {2012-04-23 11:34:38 +0000},
	Date-Modified = {2012-04-23 11:34:38 +0000},
	Editor = {Lin, F. and Sattler, U.},
	Pages = {258-268},
	Publisher = {AAAI Press},
	Title = {Understanding Ontological Levels},
	Url = {http://wiki.loa-cnr.it/Papers/kr10v0.7.pdf},
	Urlaccessdate = {2 jan. 2012},
	Year = {2010},
	Bdsk-Url-1 = {http://wiki.loa-cnr.it/Papers/kr10v0.7.pdf}}

@inbook{guarino1995,
	Address = {Vienna},
	Author = {Nicola Guarino},
	Booktitle = {Philosophy and the Cognitive Science},
	Date-Added = {2012-04-23 11:34:29 +0000},
	Date-Modified = {2012-04-23 11:34:29 +0000},
	Editor = {R. Casati and B. Smith and G. White},
	Month = {Sept.},
	Pages = {443-456},
	Publisher = {Holder-Pivhler-Tempsky},
	Title = {The Ontological Level},
	Url = {http://wiki.loa-cnr.it/Papers/OntLev.pdf},
	Urlaccessdate = {2 jan. 2012},
	Year = {1995},
	Bdsk-Url-1 = {http://wiki.loa-cnr.it/Papers/OntLev.pdf}}

@incollection{bates2010,
	Address = {New York},
	Author = {Marcia J. Bates},
	Booktitle = {Encyclopedia of Library and Information Sciences},
	Date-Added = {2012-04-23 11:34:29 +0000},
	Date-Modified = {2012-04-23 11:34:29 +0000},
	Edition = {3rd},
	Editor = {Marcia J. Bates and Mary Niles Maack},
	Pages = {2347-2360},
	Publisher = {CRC Press},
	Title = {Information},
	Url = {http://pages.gseis.ucla.edu/faculty/bates/articles/information.html},
	Urlaccessdate = {24 out. 2011},
	Volume = {3},
	Year = {2010},
	Bdsk-Url-1 = {http://pages.gseis.ucla.edu/faculty/bates/articles/information.html}}

@book{doxiadis1965,
	Author = {Constantinos A. Doxiadis},
	Date-Added = {2012-04-23 11:34:20 +0000},
	Date-Modified = {2012-04-23 11:34:20 +0000},
	Publisher = {Ceira - Coimbra},
	Title = {Arquitetura em Transi{\c c}{\~a}o},
	Year = {1965}}

@book{dewey1980,
	Address = {New York, NY, USA},
	Author = {John Dewey},
	Date-Added = {2012-04-23 11:34:16 +0000},
	Date-Modified = {2012-04-23 11:34:16 +0000},
	Publisher = {Perigee Books},
	Title = {Art as Experience},
	Year = {1980}}

%% TCC
@book{nehmzow2012mobile,
  title={Mobile robotics: a practical introduction},
  author={Nehmzow, Ulrich},
  year={2012},
  publisher={Springer Science \& Business Media}
}

@article{russo2020survey,
  title={A survey on mechanical solutions for hybrid mobile robots},
  author={Russo, Matteo and Ceccarelli, Marco},
  journal={Robotics},
  volume={9},
  number={2},
  pages={32},
  year={2020},
  publisher={Multidisciplinary Digital Publishing Institute}
}

@article{gruber2016,
author = {Gruber, Christoph and Hofbaur, Michael},
year = {2016},
month = {04},
pages = {93-105},
title = {Remarks on the classification of wheeled mobile robots},
volume = {7},
journal = {Mechanical Sciences},
doi = {10.5194/ms-7-93-2016}
}

@article{campion1996structural,
  title={Structural properties and classification of kinematic and dynamic models of wheeled mobile robots},
  author={Campion, Guy and Bastin, Georges and Dandrea-Novel, Brigitte},
  journal={IEEE transactions on robotics and automation},
  volume={12},
  number={1},
  pages={47--62},
  year={1996},
  publisher={IEEE}
}

@article{aicardi1995closed,
  title={Closed loop steering of unicycle like vehicles via Lyapunov techniques},
  author={Aicardi, Michele and Casalino, Giuseppe and Bicchi, Antonio and Balestrino, Aldo},
  journal={IEEE Robotics \& Automation Magazine},
  volume={2},
  number={1},
  pages={27--35},
  year={1995},
  publisher={IEEE}
}
@article{sousa2003controle,
  title={Controle de rob{\^o}s m{\'o}veis utilizando o modelo cinem{\'a}tico},
  author={Sousa J{\'u}nior, Celso de and Hemerly, Elder Moreira},
  journal={Sba: Controle \& Automa{\c{c}}{\~a}o Sociedade Brasileira de Automatica},
  volume={14},
  number={4},
  pages={384--392},
  year={2003},
  publisher={SciELO Brasil}
}

@book{dudek2010computational,
  title={Computational principles of mobile robotics},
  author={Dudek, Gregory and Jenkin, Michael},
  year={2010},
  publisher={Cambridge university press}
}

@book{astrom1995, title={PID Controllers - Theory, Design, and Tuning (2nd Edition)}, publisher={ISA}, author={Åström Karl Johan. and Hägglund Tore}, year={1995}}

@book{ogata2011engenharia,
  title={Engenharia de controle moderno},
  author={Ogata, K.},
  isbn={9788576058106},
  url={https://books.google.com.br/books?id=iL3FYgEACAAJ},
  year={2011},
  publisher={PRENTICE HALL BRASIL}
}

@book{szeliski2021computer,
  title={Computer vision: algorithms and applications},
  author={Szeliski, Richard},
  year={2021},
  publisher={Springer Science \& Business Media}
}

@inproceedings{erdogan2014shifting,
  title={Shifting Colors to Overcome Not Realizing Objects Problem due to Color Vision Deficiency},
  author={ERDOGAN, Kemal and YILMAZ, Nihat},
  booktitle={Proc. of the Second Intl. Conf. on Advances in Computing, Electronics and Electrical Technology-CEET},
  year={2014}
}

@book{hall2012illumination,
  title={Illumination and color in computer generated imagery},
  author={Hall, Roy},
  year={2012},
  publisher={Springer Science \& Business Media}
}

@book{wilson2000handbook,
  title={Handbook of computer vision algorithms in image algebra},
  author={Wilson, Joseph N and Ritter, Gerhard X},
  year={2000},
  publisher={CRC press}
}
@article{martin2004learning,
  title={Learning to detect natural image boundaries using local brightness, color, and texture cues},
  author={Martin, David R and Fowlkes, Charless C and Malik, Jitendra},
  journal={IEEE transactions on pattern analysis and machine intelligence},
  volume={26},
  number={5},
  pages={530--549},
  year={2004},
  publisher={IEEE}
}
@article{marr1980theory,
  title={Theory of edge detection},
  author={Marr, David and Hildreth, Ellen},
  journal={Proceedings of the Royal Society of London. Series B. Biological Sciences},
  volume={207},
  number={1167},
  pages={187--217},
  year={1980},
  publisher={The Royal Society London}
}
@book{koubaa2018robot,
  title={Robot path planning and cooperation: foundations, algorithms and experimentations},
  author={Koub{\^a}a, Anis and Bennaceur, Hachemi and Chaari, Imen and Trigui, Sahar and Ammar, Adel and Sriti, Mohamed-Foued and Alajlan, Maram and Cheikhrouhou, Omar and Javed, Yasir},
  volume={772},
  year={2018},
  publisher={Springer}
}
@book{latombe2012robot,
  title={Robot motion planning},
  author={Latombe, Jean-Claude},
  volume={124},
  year={2012},
  publisher={Springer Science \& Business Media}
}
@article{zhang2014multiple,
  title={A multiple mobile robots path planning algorithm based on A-star and Dijkstra algorithm},
  author={Zhang, Zhanying and Zhao, Ziping},
  journal={International Journal of Smart Home},
  volume={8},
  number={3},
  pages={75--86},
  year={2014}
}
@inproceedings{he2017comparison,
  title={The comparison of four UAV path planning algorithms based on geometry search algorithm},
  author={He, ZeFang and Zhao, Long},
  booktitle={2017 9th International Conference on Intelligent Human-Machine Systems and Cybernetics (IHMSC)},
  volume={2},
  pages={33--36},
  year={2017},
  organization={IEEE}
}
@inproceedings{aburdene1991proposal,
  title={A proposal for a remotely shared control systems laboratory},
  author={Aburdene, MF and Mastascusa, EJ and Massengale, R},
  booktitle={Proceedings Frontiers in Education Twenty-First Annual Conference. Engineering Education in a New World Order},
  pages={589--592},
  year={1991},
  organization={IEEE}
}
@article{argyropoulos1983facility,
  title={A Facility for Local and Remote Acquisition and Data Process Control in Metallurgy},
  author={Argyropoulos, Stavros A and Valiveti, Radhakrishna S and Closset, Bernard M},
  journal={JOM},
  volume={35},
  number={10},
  pages={30--35},
  year={1983},
  publisher={Springer}
}
@article{ferrero2003remlab,
  title={ReMLab: A Java-based remote, didactic measurement laboratory},
  author={Ferrero, Alessandro and Salicone, Simona and Bonora, Claudio and Parmigiani, Marco},
  journal={IEEE transactions on instrumentation and measurement},
  volume={52},
  number={3},
  pages={710--715},
  year={2003},
  publisher={IEEE}
}
@inproceedings{kozik2012preparing,
  title={Preparing and managing the remote experiment in education},
  author={Koz{\'\i}k, Tom{\'a}{\v{s}} and {\v{S}}imon, Marek},
  booktitle={2012 15th International Conference on Interactive Collaborative Learning (ICL)},
  pages={1--4},
  year={2012},
  organization={IEEE}
}
@article{sanchez2004java,
  title={A Java/Matlab-based environment for remote control system laboratories: Illustrated with an inverted pendulum},
  author={S{\'a}nchez, Jos{\'e} and Dormido, Sebasti{\'a}n and Pastor, Rafael and Morilla, Fernando},
  journal={IEEE Transactions on Education},
  volume={47},
  number={3},
  pages={321--329},
  year={2004},
  publisher={IEEE}
}
@inproceedings{andria2006remote,
  title={Remote Didactic Laboratory" G. Savastano": the Italian Experience for the E-learning at the Technical Universities in the Field of the Electrical and Electronic Measurements, Overview on Didactic Experiments},
  author={Andria, G and Baccigalupi, A and Borsic, M and Carbone, P and Daponte, P and De Capua, C and Ferrero, A and Grimaldi, D and Liccardo, A and Locci, Nicolino and others},
  booktitle={2006 IEEE Instrumentation and Measurement Technology Conference Proceedings},
  pages={1537--1542},
  year={2006},
  organization={IEEE}
}
@article{garcia2009addressing,
  title={Addressing software impact in the design of remote laboratories},
  author={Garcia-Zubia, Javier and Ordu{\~n}a, Pablo and L{\'o}pez-de-Ipi{\~n}a, Diego and Alves, Gustavo R},
  journal={IEEE Transactions on Industrial Electronics},
  volume={56},
  number={12},
  pages={4757--4767},
  year={2009},
  publisher={IEEE}
}


